<?xml version="1.0" encoding="UTF-8"?><collection xmlns="http://www.loc.gov/MARC21/slim"><record><leader>00467nam--2200181-i-4500</leader><controlfield tag="001">000027157</controlfield><controlfield tag="002">20161230</controlfield><controlfield tag="005">20170113145957</controlfield><controlfield tag="008">060222s1000------------r-----000-0-eng-d</controlfield><datafield ind1=" " ind2=" " tag="040"><subfield code="a">IFIN-HH</subfield></datafield><datafield ind1=" " ind2=" " tag="080"><subfield code="a">536</subfield></datafield><datafield ind1="1" ind2=" " tag="100"><subfield code="a">King, Allen L</subfield></datafield><datafield ind1="1" ind2="0" tag="245"><subfield code="a">Thermophysics</subfield><subfield code="c">Allen L. King</subfield></datafield><datafield ind1=" " ind2=" " tag="260"><subfield code="a">San Francisco</subfield><subfield code="b">W.H. Freeman And Company</subfield><subfield code="c">1962</subfield></datafield><datafield ind1=" " ind2=" " tag="300"><subfield code="a">XVII+369 p</subfield></datafield><datafield ind1=" " ind2=" " tag="490"><subfield code="a">A Series Of Books In Physics</subfield></datafield><datafield ind1=" " ind2=" " tag="852"><subfield code="a">24048</subfield><subfield code="c">536</subfield></datafield><datafield ind1=" " ind2=" " tag="CAT"><subfield code="a">SYS</subfield><subfield code="c">20170113</subfield><subfield code="h">145957</subfield></datafield></record></collection>